@misc{VBnet_ComAddin,
   author = {qq\_24968317},
   title = {VB.net ComAddin从零开发，跟我一起造轮子，嗨起来},
   howpublished = {\url{https://blog.csdn.net/qq\_24968317/article/details/107615473}}
}
@misc{Inno_setup,
   author = {mob6454cc749e02},
   title = {inno setup 打包vcredist vsto打包部署},
   howpublished = {\url{https://blog.51cto.com/u_16099301/7673875}}
}
@misc{vsto_dev,
   author = {顺其自然~},
   title = {VSTO开发指南},
   howpublished = {\url{https://blog.csdn.net/fuhanghang/article/details/101533271}}
}
@misc{COM_unregistry,
   author = {柠檬草的味道qw},
   title = {C\# 写的COM组件注册问题兼论微软Regasm注册的BUG},
   howpublished = {\url{https://blog.csdn.net/a331003411/article/details/127497372}}
}
@misc{CS_WPS,
   author = {多见多闻},
   title = {C\# WPS插件开发流程},
   howpublished = {\url{https://www.cnblogs.com/guangzhiruijie/p/17217942.html}}
}
@misc{CS_OneNote,
   author = {来吧!我在未来等你!},
   title = {VisualStudio如何进行OneNote插件开发},
   howpublished = {\url{https://blog.csdn.net/qq_40640910/article/details/129998186}}
}
@misc{RegAsm_unregiste,
   author = {thewindowsclub},
   title = {How to Unregister a DLL Using RegAsm.exe},
   howpublished = {\url{https://www.thewindowsclub.com/what-is-regasm-exe-how-to-unregister-a-dll}}
}
@misc{RegAsm_codebase,
   author = {itecnote},
   title = {RegAsm – When is the /codebase option applicable},
   howpublished = {\url{https://itecnote.com/tecnote/regasm-when-is-the-codebase-option-applicable/}}
}
@misc{comAddin_LoadFailure,
   author = {microsoft},
   title = {Troubleshooting COM Add-In load failures},
   howpublished = {\url{https://learn.microsoft.com/zh-cn/archive/blogs/vsod/troubleshooting-com-add-in-load-failures}}
}
@misc{VSTO_comAddin_LoadFailure,
   author = {microsoft},
   title = {Not loaded. A runtime error occurred during the loading of the COM add-in. },
   howpublished = {\url{https://answers.microsoft.com/en-us/outlook_com/forum/all/not-loaded-a-runtime-error-occurred-during-the/3f50b327-8edd-4931-b93e-5280b7734d7a}}
}
@misc{vst_comaddin,
   author = {microsoft},
   title = {How to build an Office COM add-in by using Visual C\# .NET},
   howpublished = {\url{https://learn.microsoft.com/en-US/previous-versions/office/troubleshoot/office-developer/office-com-add-in-using-visual-c}}
}
@misc{IDTExtensibility2,
   author = {flylib},
   title = {Implementing IDTExtensibility2},
   howpublished = {\url{https://flylib.com/books/en/2.53.1/implementing_idtextensibility2.html}}
}
